% incl/bib/articles.bib : referencer til artikler
% ------------------------------------------------------------------------------
@Book{dmat,
  author    = {Jumming Xu},
  title     = {Theory and Application of Graphs},
  publisher = {Kluwer Academic Publishers},
  year      = {},
  edition   = {}
}