% books.bib : referencer til lærebøger
% ------------------------------------------------------------------------------


@Book{dmat,
  author    = {Kenneth H. Rosen},
  title     = {Discrete Mathematics and Its Applications},
  publisher = {McGraw-Hill},
  year      = {2013},
  edition   = {7th}
}

@Book{calc,
  author    = {C. Henry Edwards and David E. Penney},
  title     = {Calculus: Early Transcendentals},
  publisher = {Pearson},
  year      = {2014},
  edition   = {7th}
}

@Book{lial,
  author    = {L. Spence and A. Insel and S. Friedberg},
  title     = {Elementary Linear Algebra: A Matrix Approach},
  publisher = {Pearson},
  year      = {2014},
  edition   = {2nd}
}

@misc{npscott,
 author		= {Scott Aaronson},
 title		= "{\textit{PHYS771 Lecture 6: P, NP, and Friends}. University of Waterloo}",
 year		= {2006},
 howpublished		= "\url{https://www.scottaaronson.com/democritus/lec6.html}",
 note		= {[Besøgt d. 11/12 - 2020]}
}

@misc{npinder,
 author		= {Abdul Bari},
 title		= "{\textit{8. NP-Hard and NP-Complete Problems}}",
 year		= {2018},
 howpublished		= "\url{https://www.youtube.com/watch?v=e2cF8a5aAhE}",
 note		= {[Besøgt d. 10/12 - 2020]}
}

@misc{naturgas,
 author		= {Vattenfall and Mette Løgeskov Lund},
 title		= "{\textit{NATURGAS}}",
 year		= {2019},
 howpublished		= "\url{https://www.experimentarium.dk/klima/naturgas/}",
 note		= {[Besøgt d. 3/11 - 2020]}
}

@misc{dijkpython,
 author		= {Amitabha Dey},
 title		= "{\textit{Dijkstra's Algorithm in Python Explained}}",
 year		= {2019},
 howpublished		= "\url{https://www.youtube.com/watch?v=Ub4-nG09PFw&t}",
 note		= {[Besøgt d. 23/11 - 2020]}
}

@misc{pdf:dijkProof,
 author		= {Glencora Borradaile},
 title		= "{\textit{Dijkstra’s algorithm: Correctness by induction}. Oregon State University's College of Engineering}",
 year		= {2015},
 howpublished		= "\url{https://web.engr.oregonstate.edu/~glencora/wiki/uploads/dijkstra-proof.pdf}",
 note		= {[Besøgt d. 25/11 - 2020]}
}